<?xml version='1.0' encoding='UTF-8'?>
<record xmlns="http://www.loc.gov/MARC21/slim">
  <leader>00800cam a22001935  4500</leader>
  <controlfield tag="001">2788282</controlfield>
  <controlfield tag="003">NjP</controlfield>
  <controlfield tag="005">20171013181122.0</controlfield>
  <controlfield tag="008">991122s1965    ir            000 0 ara d</controlfield>
  <datafield tag="024" ind1="7" ind2=" ">
    <subfield code="a">princeton_aco002246</subfield>
    <subfield code="2">local</subfield>
  </datafield>
  <datafield ind1=" " ind2=" " tag="035">
    <subfield code="a">(OCoLC)ocm42867477</subfield>
  </datafield>
  <datafield ind1=" " ind2=" " tag="035">
    <subfield code="9">CNJ7325TS</subfield>
  </datafield>
  <datafield ind1=" " ind2=" " tag="040">
    <subfield code="a">PUL</subfield>
    <subfield code="c">PUL</subfield>
  </datafield>
  <datafield ind1="1" ind2=" " tag="100">
    <subfield code="a">Mūsawī al-Iṣbahānī, Abū al-Ḥasan,</subfield>
    <subfield code="d">1867 or 1868-1945 or 1946.</subfield>
    <subfield code="0">http://id.loc.gov/authorities/names/nr89016443</subfield>
  </datafield>
  <datafield ind1="1" ind2="0" tag="245">
    <subfield code="a">Wasīlat al-najāh ...</subfield>
    <subfield code="b">wa-ʻalayhā taʻlīqatān sharīfatān ... [li] Maḥmūd al-Shāhrūdī ... wa ... Rūḥ Allāh al-Khumaynī.</subfield>
  </datafield>
  <datafield ind1=" " ind2=" " tag="260">
    <subfield code="a">[Qumm,</subfield>
    <subfield code="b">Maktabat Dār al-ʻIlm]</subfield>
    <subfield code="c">1385 [1965]</subfield>
  </datafield>
  <datafield ind1=" " ind2=" " tag="300">
    <subfield code="a">2 v. in 1.</subfield>
    <subfield code="c">24 cm.</subfield>
  </datafield>
  <datafield ind1=" " ind2=" " tag="546">
    <subfield code="a">In Arabic.</subfield>
  </datafield>
  <datafield ind1=" " ind2=" " tag="945">
    <subfield code="a">F</subfield>
    <subfield code="b">1</subfield>
    <subfield code="c">2271 504615.395.1965</subfield>
  </datafield>
  <datafield ind1=" " ind2=" " tag="911">
    <subfield code="a">20000130</subfield>
  </datafield>
  <datafield ind1="0" ind2="0" tag="852">
    <subfield code="0">3099246</subfield>
    <subfield code="b">nec</subfield>
    <subfield code="t">1</subfield>
    <subfield code="h">KBP461</subfield>
    <subfield code="i">.M873 1965</subfield>
  </datafield>
  <datafield ind1=" " ind2=" " tag="959">
    <subfield code="a">2009-06-30 09:55:47 -0400</subfield>
  </datafield>
</record>
